@book{tanenbaum,
    author    = "Tanenbaum, Andrew S. ",
    title     = "Computerarchiektur: Strukturen, Konzepte, Grundlagen",
    publisher = "Pearson Studium",
    edition  = "5.Auflage",
    year      = "2006",
}

@book{djl2005,
  title={Measuring computer performance: a practitioner's guide},
  author={Lilja, David J},
  year={2005},
  publisher={Cambridge university press}
}

@article{theis2017,
  title={The end of moore's law: A new beginning for information technology},
  author={Theis, Thomas N and Wong, H-S Philip},
  journal={Computing in Science \& Engineering},
  volume={19},
  number={2},
  pages={41--50},
  year={2017},
  publisher={IEEE}
}

@article{singh2016,
  title={An approach to enhance performance of Computer},
  author={Singh, Rajesh},
  journal={International Journal of Science \& Engineering Development Research},
  volume={1},
  number={2},
  pages={298--302},
  year={2016},
  publisher={IJSDR}
}

@article{owens2008,
  title={GPU computing},
  author={Owens, John D and Houston, Mike and Luebke, David and Green, Simon and Stone, John E and Phillips, James C},
  journal={Proceedings of the IEEE},
  volume={96},
  number={5},
  pages={879--899},
  year={2008},
  publisher={IEEE}
}

@article{schlegel2015,
  title={Deep machine learning on Gpu},
  author={Schlegel, Daniel},
  journal={University of Heidelber-Ziti},
  volume={12},
  year={2015}
}

@article{taylor2017,
  title={The evolution of bitcoin hardware},
  author={Taylor, Michael Bedford},
  journal={Computer},
  volume={50},
  number={9},
  pages={58--66},
  year={2017},
  publisher={IEEE}
}

@book{kounev2020,
  title={Systems Benchmarking},
  author={Kounev, Samuel and Lange, Klaus-Dieter and von Kistowski, J{\'o}akim},
  year={2020},
  publisher={Springer}
}

@article{smith1988,
  title={Characterizing computer performance with a single number},
  author={Smith, James E.},
  journal={Communications of the ACM},
  volume={31},
  number={10},
  pages={1202--1206},
  year={1988},
  publisher={ACM New York, NY, USA}
}

@online{haugen2000,
    editor = {Haugen, Peter and Myers, Ian and Sadler, Bret and Whidden, John},
    year={2000},
    title = {A Basic Overview of Commonly Encountered types of Random Access Memory (RAM)},
    url = {https://www.rose-hulman.edu/Class/ee/yoder/ece332/Papers/RAM%20Technologies.pdf},
    urldate = {2021-10-10}
}